<?xml version="1.0" encoding="UTF-8"?><record xmlns="http://www.loc.gov/MARC21/slim" xmlns:cinclude="http://apache.org/cocoon/include/1.0" xmlns:zs="http://www.loc.gov/zing/srw/">
  <leader>00682nz  a2200181n  4500</leader>
  <controlfield tag="001">no2013031863</controlfield>
  <controlfield tag="003">DLC</controlfield>
  <controlfield tag="005">20130324075133.0</controlfield>
  <controlfield tag="008">130322n| azannaabn          |a aaa     c</controlfield>
  <datafield tag="010" ind1=" " ind2=" ">
    <subfield code="a">no2013031863</subfield>
  </datafield>
  <datafield tag="035" ind1=" " ind2=" ">
    <subfield code="a">(OCoLC)oca09433600</subfield>
  </datafield>
  <datafield tag="040" ind1=" " ind2=" ">
    <subfield code="a">MoSW-Mu</subfield>
    <subfield code="b">eng</subfield>
    <subfield code="e">rda</subfield>
    <subfield code="c">MoSW-Mu</subfield>
  </datafield>
  <datafield tag="100" ind1="1" ind2=" ">
    <subfield code="a">Kaun, Hugo,</subfield>
    <subfield code="d">1863-1932.</subfield>
    <subfield code="t">Lieder und GesaĚnge,</subfield>
    <subfield code="n">op. 61.</subfield>
    <subfield code="p">Lang wandert' ich</subfield>
  </datafield>
  <datafield tag="380" ind1=" " ind2=" ">
    <subfield code="a">Songs</subfield>
    <subfield code="2">lcsh</subfield>
  </datafield>
  <datafield tag="382" ind1=" " ind2=" ">
    <subfield code="a">high voice</subfield>
    <subfield code="a">piano</subfield>
  </datafield>
  <datafield tag="383" ind1=" " ind2=" ">
    <subfield code="b">op. 61, no. 5</subfield>
  </datafield>
  <datafield tag="400" ind1="1" ind2=" ">
    <subfield code="a">Kaun, Hugo,</subfield>
    <subfield code="d">1863-1932.</subfield>
    <subfield code="t">Lang wandert' ich</subfield>
  </datafield>
  <datafield tag="670" ind1=" " ind2=" ">
    <subfield code="a">Kaun, H. Lang wandert' ich, c1905:</subfield>
    <subfield code="b">title page (Lang wandert' ich / [Worte von] M. Steinwarz) caption (op. 61, no. 5; fuĚr hohe Stimme; voice range labled "Original")</subfield>
  </datafield>
</record>